@book{fao:blockchain,
title={E-Agriculture in Action: Blockchain For Agriculture
Opportunities and Challenges},
editor={Gerard Sylvester},
publisher={United Nations Food and Agriculture Organization},
year=2019,
isbn={9789251312278},
howpublished = "\url{http://www.fao.org/3/CA2906EN/ca2906en.pdf}",
  note={[Online: accessed 20-November-2019]}
}

@book{git,
title={Pro Git},
author={Scott Chacon and Ben Straub},
year=2014,
isbn={9781484200773},
howpublished = "\url{https://git-scm.com/book/en/v2}"
}

@article{ipfs,
title={A Introduction to IPFS},
author={John Lilic},
year={2019},
howpublished = "\url{https://medium.com/@ConsenSys/an-introduction-to-ipfs-9bba4860abd0}",
publisher={Consensys}
}

@article{mango,
title={Mango: Git completely decentralized },
author={Alex Beregszazi},
year={2016},
howpublished = "\url{https://medium.com/@alexberegszaszi/mango-git-completely-decentralised-7aef8bcbcfe6}"
}

@article{xi,
title={Opinion: China On Court to Reap Rewards in Blockchain Push By Xi Jinping},
journaltitle={South China Morning Post},
date={31 October 2019},
howpublished="\url{https://www.scmp.com/comment/opinion/article/3035812/china-course-reap-rewards-blockchain-push-xi-jinping}"
}
